@Book{Williams,
author = {Williams, A.B},
title = {Electronic Filter Design},
publisher = {McGraw-hill book Company},
year = {1981},
}
