/home/charles/backup/important_stuff/work/bibtex/library.bib