% This file was created with JabRef 2.5.
% Encoding: ISO8859_1

@ARTICLE{2003ApJS..148...97B,
  author = {C.~L. {Bennett} and others},
  title = {{First-Year Wilkinson Microwave Anisotropy Probe (WMAP) Observations:
	Foreground Emission}},
  journal = {\apjs},
  year = {2003},
  volume = {148},
  pages = {97--117},
  month = sep,
  adsnote = {Provided by the SAO/NASA Astrophysics Data System},
  adsurl = {http://adsabs.harvard.edu/abs/2003ApJS..148...97B},
  doi = {10.1086/377252},
  eprint = {arXiv:astro-ph/0302208},
  keywords = {Cosmology: Cosmic Microwave Background, Cosmology: Observations, Cosmology:
	Diffuse Radiation, Galaxy: Halo, Galaxy: Structure, ISM: Structure}
}

@Book{meeks_1976,
 title = "{Methods of Experimental Physics}",
 publisher = "{Academic Press}",
 year = {1976},
editor = "Meeks, M.L",
volume = "{12B}"
}

@MISC{cbass_website,
  author = {{C-BASS Collaboration Website}},
  title = {{C-BASS: C-Band All-Sky Survey}},
  howpublished = {\url{http://www.astro.caltech.edu/cbass/}}
}

@ARTICLE{Calabretta2007,
  author = {M.R. {Calabretta} and B.F {Roukema}},
  title = {{Mapping on the HEALPix grid}},
  journal = {Monthly Notices of the Royal Astronomical Society},
  year = {2007},
  volume = {381},
  pages = {865--872},
  doi = {10.1111/j.1365-2966.2007.12297.x }
}

@ARTICLE{2002ApJ...578...12C,
  author = {T. {Chiueh} and C.-J. {Ma}},
  title = {{The Annulus-filtered E and B Modes in Cosmic Microwave Background
	Radiation Polarization}},
  journal = {ApJ},
  year = {2002},
  volume = {578},
  pages = {12--24},
  month = oct,
  adsnote = {Provided by the Smithsonian/NASA Astrophysics Data System},
  adsurl = {http://adsabs.harvard.edu/abs/2002ApJ...578...12C},
  doi = {10.1086/342398},
  eprint = {arXiv:astro-ph/0101205}
}

@ARTICLE{splitRingHTS,
  author = {S Futatsumori and T Hikage and T Nojima and A Akasegawa and T Nakanish
	and K Yamanaka},
  title = {ACLR Improvement of a 5-GHz Power Amplifier Using High-Temperature
	Superconducting Reaction- Type Transmitting Filters},
  journal = {Proceedings of the 38th European Microwave Conference},
  year = {2008},
  month = {October},
  institution = {Graduate School of Information Science and Technology, Hokkaido University}
}

@ARTICLE{Galindo1964,
  author = {V. {Galindo}},
  title = {{Design of dual-reflector antennas with arbitrary phase and amplitude
	distributions}},
  journal = {IEEE, Antennas and Propagation},
  year = {1964},
  volume = {12},
  pages = {403--408},
  month = Jul,
  doi = {10.1109/TAP.1964.1138236 }
}

@ARTICLE{splitRingClassic,
  author = {J Garcia-Garcia and J Bonache and I Gil and F Martin and R Marques
	and F Falcone and T Lopetegi and M.A.G Laso and M Sorolla},
  title = {Comparison of Electromagnetic Band Gap and Split Ring Resonator Microstrip
	Lines as Stop Band Structures},
  journal = {Microwave and Optical Technology},
  year = {2004},
  month = {July}
}

@MISC{hu_2001,
  author = {{Hu, W.}},
  title = {{Intermediate CMB tutorial }},
  howpublished = {\url{http://background.uchicago.edu/~whu/intermediate/intermediate.html}},
  year = {2001}
}

@PHDTHESIS{oliver_2009,
  author = {Oliver King},
  title = {{C-BASS: The C-Band All-Sky Survey}},
  school = {{University of Oxford}},
  year = {2009}
}

@ARTICLE{2003NewAR..47.1017L,
  author = {J.~M. {Lamarre} and others},
  title = {{The Planck High Frequency Instrument, a third generation CMB experiment,
	and a full sky submillimeter survey}},
  journal = {New Astronomy Review},
  year = {2003},
  volume = {47},
  pages = {1017--1024},
  month = dec,
  adsnote = {Provided by the SAO/NASA Astrophysics Data System},
  adsurl = {http://adsabs.harvard.edu/abs/2003NewAR..47.1017L},
  doi = {10.1016/S1387-6473(03)00223-9},
  eprint = {arXiv:astro-ph/0308075}
}

@BOOK{meeks_1976,
  title = {{Methods of experimental physics. Vol.\_12. Astrophysics. Part\_C:
	Radio observations.}},
  year = {1976},
  editor = {{Meeks, M.~L.}},
  author = {M.~L. {Meeks}},
  adsnote = {Provided by the SAO/NASA Astrophysics Data System},
  adsurl = {http://adsabs.harvard.edu/abs/1976mep..book.....M},
  booktitle = {Methods of experimental physics.~Vol.\_12.~Astrophysics.~Part\_C:
	Radio observations., by Meeks, M.~L..~ New York, NY (USA): Academic
	Press, 22 + 345 p.}
}

@ARTICLE{Mennella:2003ii,
  author = {A. Mennella and M. Bersanelli and RC Butler and D. Maino and N. Mandolesi
	and G. Morgante and L. Valenziano and F. Villa and T. Gaier and M.
	Seiffert and others},
  title = {Advanced pseudo-correlation radiometers for the Planck-LFI instrument},
  journal = {Arxiv preprint astro-ph/0307116},
  year = {2003}
}

@ARTICLE{mortonson_2007,
  author = {M.J. Mortonson and W. Hu},
  title = {The maximum b-mode polarization of the cosmic microwave background
	from inhomogeneous reionization},
  journal = {The Astrophysical Journal},
  year = {2007},
  volume = {657},
  pages = {1},
  publisher = {IOP Publishing}
}

@ARTICLE{Reich:2006iq,
  author = {W. Reich},
  title = {Galactic polarization surveys},
  journal = {Arxiv preprint astro-ph/0603465},
  year = {2006}
}

@BOOK{rudge_1982,
  title = {The handbook of antenna design},
  publisher = {Peter Peregrinus Ltd},
  year = {1983},
  author = {A.W. Rudge},
  volume = {2}
}

@ARTICLE{Seiffert:2002gh,
  author = {M. {Seiffert} and others},
  title = {{1/f noise and other systematic effects in the Planck-LFI radiometers}},
  journal = {\aap},
  year = {2002},
  volume = {391},
  pages = {1185--1197},
  month = sep,
  adsnote = {Provided by the SAO/NASA Astrophysics Data System},
  adsurl = {http://adsabs.harvard.edu/abs/2002A\%26A...391.1185S},
  doi = {10.1051/0004-6361:20020880},
  eprint = {arXiv:astro-ph/0206093},
  keywords = {cosmology: cosmic microwave background, instrumentation: detectors,
	methods: analytical, observations}
}

@MISC{Hill_M,
  author = {{Shepherd, M.}},
  title = {{Pointing the CBI }},
  howpublished = {\url{http://www.astro.caltech.edu/~mcs/CBI/pointing/}},
  year = {2001}
}

@ARTICLE{Smoot:1998jk,
  author = {George F. Smoot},
  title = {{Synchrotron Radiation as CMB Foreground}},
  year = {1998},
  archiveprefix = {arXiv},
  eprint = {astro-ph/9902201},
  slaccitation = {\%\%CITATION = ASTRO-PH/9902201;\%\%}
}

@BOOK{tinbergen_1996,
  title = {{Astronomical Polarimetry}},
  publisher = {{Cambridge University Press}},
  year = {1996},
  author = {Jaap Tinbergen}
}

@MISC{antennaBook,
  author = {P. {Wade}}
}

@INPROCEEDINGS{2004mmu..symp..309Z,
  author = {M. {Zaldarriaga}},
  title = {{The Polarization of the Cosmic Microwave Background}},
  booktitle = {Measuring and Modeling the Universe},
  year = {2004},
  editor = {W.~L. {Freedman}},
  pages = {309--+},
  adsnote = {Provided by the Smithsonian/NASA Astrophysics Data System},
  adsurl = {http://adsabs.harvard.edu/abs/2004mmu..symp..309Z}
}

